<record><leader>00000cas a22000007a 4500</leader><controlfield tag="001">32889361</controlfield><controlfield tag="008">950728d19251927nyucr ne      0    0eng d</controlfield><datafield ind1=" " ind2=" " tag="010"><subfield code="a">sn 95071323 </subfield></datafield><datafield ind1=" " ind2=" " tag="040"><subfield code="a">NYS</subfield><subfield code="b">eng</subfield><subfield code="c">NYS</subfield><subfield code="d">OCLCQ</subfield><subfield code="d">OCLCO</subfield></datafield><datafield ind1="1" ind2=" " tag="029"><subfield code="a">AU@</subfield><subfield code="b">000025898911</subfield></datafield><datafield ind1=" " ind2=" " tag="042"><subfield code="a">msc</subfield></datafield><datafield ind1="0" ind2=" " tag="130"><subfield code="a">New era (Lynbrook, N.Y. : 1925)</subfield></datafield><datafield ind1="0" ind2="4" tag="245"><subfield code="a">The new era.</subfield></datafield><datafield ind1="1" ind2="3" tag="246"><subfield code="a">Valley Stream news</subfield></datafield><datafield ind1=" " ind2=" " tag="260"><subfield code="a">Lynbrook, N.Y. :</subfield><subfield code="b">Huntover Press</subfield></datafield><datafield ind1=" " ind2=" " tag="300"><subfield code="a">v.</subfield></datafield><datafield ind1=" " ind2=" " tag="310"><subfield code="a">Semiweekly</subfield></datafield><datafield ind1="0" ind2=" " tag="362"><subfield code="a">Vol. 12, no. 30 (June 15, 1925)-v. 14, no. 46 (Aug. 12, 1927).</subfield></datafield><datafield ind1=" " ind2=" " tag="500"><subfield code="a">Official newspaper of Malverne and Lynbrook.</subfield></datafield><datafield ind1=" " ind2=" " tag="500"><subfield code="a">Published a separate section titled Valley Stream news.</subfield></datafield><datafield ind1=" " ind2="0" tag="651"><subfield code="a">Lynbrook (N.Y.)</subfield><subfield code="v">Newspapers.</subfield></datafield><datafield ind1=" " ind2="0" tag="651"><subfield code="a">Malverne (N.Y.)</subfield><subfield code="v">Newspapers.</subfield></datafield><datafield ind1=" " ind2="0" tag="651"><subfield code="a">Valley Stream (N.Y.)</subfield><subfield code="x">Newpspapers.</subfield></datafield><datafield ind1=" " ind2="0" tag="651"><subfield code="a">Nassau County (N.Y.)</subfield><subfield code="v">Newspapers.</subfield></datafield><datafield ind1=" " ind2=" " tag="752"><subfield code="a">United States</subfield><subfield code="b">New York</subfield><subfield code="c">Nassau</subfield><subfield code="d">Lynbrook.</subfield></datafield><datafield ind1="0" ind2="0" tag="780"><subfield code="t">New era and South Shore press</subfield><subfield code="w">(DLC)sn 95071424</subfield><subfield code="w">(OCoLC)33313355</subfield></datafield><datafield ind1="0" ind2="7" tag="785"><subfield code="t">Freeport recorder</subfield></datafield><datafield ind1="0" ind2="7" tag="785"><subfield code="t">Nassau daily star</subfield><subfield code="w">(DLC)sn 95071423</subfield><subfield code="w">(OCoLC)33328785</subfield></datafield></record>